
@BOOK{Clark2015-gl,
title = "Surfing Uncertainty: Prediction, Action, and the Embodied Mind",
author = "Clark, Andy",
publisher = "Oxford University Press",
month =  oct,
year =  2015,
language = "en",
isbn = "9780190217020"
}

@ARTICLE{Schlossmacher2022-zv,
title = "Differential effects of prediction error and adaptation along the auditory cortical hierarchy during deviance processing",
author = "Schlossmacher, Insa and Dilly, Jacky and Protmann, Ina and Hofmann, David and Dellert, Torge and Roth-Paysen, Marie-Luise and Moeck, Robert and Bruchmann, Maximilian and Straube, Thomas",
journal = "Neuroimage",
volume =  259,
pages = "119445",
month =  oct,
year =  2022,
language = "en",
issn = "1053-8119, 1095-9572",
pmid = "35792290",
doi = "https://doi.org/10.1016/j.neuroimage.2022.119445"
}

@ARTICLE{Yarden2022-yy,
title = "{Context-Dependent} Inhibitory Control of {Stimulus-Specific} Adaptation",
author = "Yarden, Tohar S and Mizrahi, Adi and Nelken, Israel",
journal = "J. Neurosci.",
volume =  42,
number =  23,
pages = "4629--4651",
month =  jun,
year =  2022,
language = "en",
issn = "0270-6474, 1529-2401",
pmid = "35477904",
doi = "https://doi.org/10.1523/JNEUROSCI.0988-21.2022",
pmc = "PMC9186800"
}

@ARTICLE{Perez-Gonzalez2014-pm,
title = "Adaptation in the auditory system: an overview",
author = "P{\'e}rez-Gonz{\'a}lez, David and Malmierca, Manuel S",
journal = "Front. Integr. Neurosci.",
volume =  8,
pages = "19",
month =  feb,
year =  2014,
language = "en",
issn = "1662-5145",
pmid = "24600361",
doi = "https://doi.org/10.3389/fnint.2014.00019",
pmc = "PMC3931124"
}

@ARTICLE{Yates1983-uu,
title = "Recovery of eighth nerve action potential thresholds after exposure to short, intense pure tones: similarities with temporary threshold shift",
author = "Yates, G K and Cody, A R and Johnstone, B M",
journal = "Hear. Res.",
volume =  12,
number =  3,
pages = "305--322",
month =  dec,
year =  1983,
language = "en",
issn = "0378-5955",
pmid = "6668255",
doi = "https://doi.org/10.1016/0378-5955(83)90003-5"
}

@ARTICLE{Puccini2006-tm,
title = "Selective detection of abrupt input changes by integration of spike-frequency adaptation and synaptic depression in a computational network model",
author = "Puccini, Gabriel D and Sanchez-Vives, Maria V and Compte, Albert",
journal = "J. Physiol. Paris",
volume =  100,
number = "1-3",
pages = "1--15",
month =  nov,
year =  2006,
language = "en",
issn = "0928-4257",
pmid = "17095200",
doi = "https://doi.org/10.1016/j.jphysparis.2006.09.005"
}

@ARTICLE{Spain1991-fg,
title = "Two transient potassium currents in layer {V} pyramidal neurones from cat sensorimotor cortex",
author = "Spain, W J and Schwindt, P C and Crill, W E",
journal = "J. Physiol.",
volume =  434,
pages = "591--607",
month =  mar,
year =  1991,
language = "en",
issn = "0022-3751",
pmid = "2023132",
doi = "https://doi.org/10.1113/jphysiol.1991.sp018488",
pmc = "PMC1181436"
}

@ARTICLE{La_Camera2006-dz,
title = "Multiple time scales of temporal response in pyramidal and fast spiking cortical neurons",
author = "La Camera, Giancarlo and Rauch, Alexander and Thurbon, David and L{\"u}scher, Hans-R and Senn, Walter and Fusi, Stefano",
journal = "J. Neurophysiol.",
volume =  96,
number =  6,
pages = "3448--3464",
month =  dec,
year =  2006,
language = "en",
issn = "0022-3077",
pmid = "16807345",
doi = "https://doi.org/10.1152/jn.00453.2006"
}

@ARTICLE{Wark2007-rx,
title = "Sensory adaptation",
author = "Wark, Barry and Lundstrom, Brian Nils and Fairhall, Adrienne",
journal = "Curr. Opin. Neurobiol.",
volume =  17,
number =  4,
pages = "423--429",
month =  aug,
year =  2007,
language = "en",
issn = "0959-4388",
pmid = "17714934",
doi = "https://doi.org/10.1016/j.conb.2007.07.001",
pmc = "PMC2084204"
}

@ARTICLE{Faber2005-vc,
title = "Independent roles of calcium and voltage-dependent potassium currents in controlling spike frequency adaptation in lateral amygdala pyramidal neurons",
author = "Faber, E S Louise and Sah, Pankaj",
journal = "Eur. J. Neurosci.",
volume =  22,
number =  7,
pages = "1627--1635",
month =  oct,
year =  2005,
language = "en",
issn = "0953-816X",
pmid = "16197503",
doi = "https://doi.org/10.1111/j.1460-9568.2005.04357.x"
}

@ARTICLE{Lee2023-bu,
title = "Spike frequency adaptation facilitates the encoding of input gradient in insect olfactory projection neurons",
author = "Lee, Hayeong and Kostal, Lubomir and Kanzaki, Ryohei and Kobayashi, Ryota",
journal = "Biosystems.",
publisher = "Elsevier",
volume =  223,
pages = "104802",
month =  jan,
year =  2023,
language = "en",
issn = "0303-2647, 1872-8324",
pmid = "36375712",
doi = "https://doi.org/10.1016/j.biosystems.2022.104802"
}

@ARTICLE{Ha2016-lc,
title = "The Ca2+-activated chloride channel anoctamin-2 mediates spike-frequency adaptation and regulates sensory transmission in thalamocortical neurons",
author = "Ha, Go Eun and Lee, Jaekwang and Kwak, Hankyul and Song, Kiyeong and Kwon, Jea and Jung, Soon-Young and Hong, Joohyeon and Chang, Gyeong-Eon and Hwang, Eun Mi and Shin, Hee-Sup and Lee, C Justin and Cheong, Eunji",
journal = "Nat. Commun.",
publisher = "nature.com",
volume =  7,
pages = "13791",
month =  dec,
year =  2016,
language = "en",
issn = "2041-1723",
pmid = "27991499",
doi = "https://doi.org/10.1038/ncomms13791",
pmc = "PMC5187435"
}

@ARTICLE{Ingham2004-wc,
title = "Spike-frequency adaptation in the inferior colliculus",
author = "Ingham, Neil J and McAlpine, David",
journal = "J. Neurophysiol.",
volume =  91,
number =  2,
pages = "632--645",
month =  feb,
year =  2004,
language = "en",
issn = "0022-3077",
pmid = "14534290",
doi = "https://doi.org/10.1152/jn.00779.2003"
}

@ARTICLE{Westerman1984-ge,
title = "Rapid and short-term adaptation in auditory nerve responses",
author = "Westerman, L A and Smith, R L",
journal = "Hear. Res.",
volume =  15,
number =  3,
pages = "249--260",
month =  sep,
year =  1984,
language = "en",
issn = "0378-5955",
pmid = "6501113",
doi = "https://doi.org/10.1016/0378-5955(84)90032-7"
}

@ARTICLE{Miles2005-nz,
title = "Mechanisms underlying the early phase of spike frequency adaptation in mouse spinal motoneurones",
author = "Miles, G B and Dai, Y and Brownstone, R M",
journal = "J. Physiol.",
volume =  566,
number = "Pt 2",
pages = "519--532",
month =  jul,
year =  2005,
language = "en",
issn = "0022-3751",
pmid = "15878947",
doi = "https://doi.org/10.1113/jphysiol.2005.086033",
pmc = "PMC1464745"
}

@ARTICLE{Ha2017-bh,
title = "Spike Frequency Adaptation in Neurons of the Central Nervous System",
author = "Ha, Go Eun and Cheong, Eunji",
journal = "Exp. Neurobiol.",
volume =  26,
number =  4,
pages = "179--185",
month =  aug,
year =  2017,
language = "en",
issn = "1226-2560",
pmid = "28912640",
doi = "https://doi.org/10.5607/en.2017.26.4.179",
pmc = "PMC5597548"
}

@ARTICLE{Chacron2007-ak,
title = "Threshold fatigue and information transfer",
author = "Chacron, Maurice J and Lindner, Benjamin and Longtin, Andr{\'e}",
journal = "J. Comput. Neurosci.",
volume =  23,
number =  3,
pages = "301--311",
month =  dec,
year =  2007,
language = "en",
issn = "0929-5313",
pmid = "17436067",
doi = "https://doi.org/10.1007/s10827-007-0033-y",
pmc = "PMC5053818"
}

@ARTICLE{Prescott2008-oa,
title = "Spike-rate coding and spike-time coding are affected oppositely by different adaptation mechanisms",
author = "Prescott, Steven A and Sejnowski, Terrence J",
journal = "J. Neurosci.",
volume =  28,
number =  50,
pages = "13649--13661",
month =  dec,
year =  2008,
language = "en",
issn = "0270-6474, 1529-2401",
pmid = "19074038",
doi = "https://doi.org/10.1523/JNEUROSCI.1792-08.2008",
pmc = "PMC2819463"
}

@ARTICLE{Schwindt1989-lv,
title = "Long-lasting reduction of excitability by a sodium-dependent potassium current in cat neocortical neurons",
author = "Schwindt, P C and Spain, W J and Crill, W E",
journal = "J. Neurophysiol.",
volume =  61,
number =  2,
pages = "233--244",
month =  feb,
year =  1989,
language = "en",
issn = "0022-3077",
pmid = "2918352",
doi = "https://doi.org/10.1152/jn.1989.61.2.233"
}

@ARTICLE{Fleidervish1996-ly,
title = "Slow inactivation of Na+ current and slow cumulative spike adaptation in mouse and guinea-pig neocortical neurones in slices",
author = "Fleidervish, I A and Friedman, A and Gutnick, M J",
journal = "J. Physiol.",
volume = "493 ( Pt 1)",
number = "Pt 1",
pages = "83--97",
month =  may,
year =  1996,
language = "en",
issn = "0022-3751",
pmid = "8735696",
doi = "https://doi.org/10.1113/jphysiol.1996.sp021366",
pmc = "PMC1158952"
}

@INPROCEEDINGS{Bohte2012-gk,
title = "Efficient {Spike-Coding} with Multiplicative Adaptation in a Spike Response Model",
booktitle = "Advances in Neural Information Processing Systems",
author = "Bohte, Sander",
editor = "Pereira, F and Burges, C J and Bottou, L and Weinberger, K Q",
publisher = "Curran Associates, Inc.",
volume =  25,
year =  2012
}

@ARTICLE{Wang2003-vv,
title = "Adaptation and temporal decorrelation by single neurons in the primary visual cortex",
author = "Wang, Xiao-Jing and Liu, Yinghui and Sanchez-Vives, Maria V and McCormick, David A",
journal = "J. Neurophysiol.",
volume =  89,
number =  6,
pages = "3279--3293",
month =  jun,
year =  2003,
language = "en",
issn = "0022-3077",
pmid = "12649312",
doi = "https://doi.org/10.1152/jn.00242.2003"
}

@ARTICLE{Madison1984-zc,
title = "Control of the repetitive discharge of rat {CA} 1 pyramidal neurones in vitro",
author = "Madison, D V and Nicoll, R A",
journal = "J. Physiol.",
volume =  354,
pages = "319--331",
month =  sep,
year =  1984,
language = "en",
issn = "0022-3751",
pmid = "6434729",
doi = "https://doi.org/10.1113/jphysiol.1984.sp015378",
pmc = "PMC1193414"
}

@ARTICLE{Benda2010-tz,
title = "Linear versus nonlinear signal transmission in neuron models with adaptation currents or dynamic thresholds",
author = "Benda, Jan and Maler, Leonard and Longtin, Andr{\'e}",
journal = "J. Neurophysiol.",
volume =  104,
number =  5,
pages = "2806--2820",
month =  nov,
year =  2010,
language = "en",
issn = "0022-3077, 1522-1598",
pmid = "21045213",
doi = "https://doi.org/10.1152/jn.00240.2010"
}

@ARTICLE{Wark2009-sf,
title = "Timescales of inference in visual adaptation",
author = "Wark, Barry and Fairhall, Adrienne and Rieke, Fred",
journal = "Neuron",
volume =  61,
number =  5,
pages = "750--761",
month =  mar,
year =  2009,
language = "en",
issn = "0896-6273, 1097-4199",
pmid = "19285471",
doi = "https://doi.org/10.1016/j.neuron.2009.01.019",
pmc = "PMC2677143"
}

@ARTICLE{Baccus2002-jb,
title = "Fast and slow contrast adaptation in retinal circuitry",
author = "Baccus, Stephen A and Meister, Markus",
journal = "Neuron",
volume =  36,
number =  5,
pages = "909--919",
month =  dec,
year =  2002,
language = "en",
issn = "0896-6273",
pmid = "12467594",
doi = "https://doi.org/10.1016/s0896-6273(02)01050-4"
}

@ARTICLE{Huang2016-ch,
title = "Adaptive Spike Threshold Enables Robust and Temporally Precise Neuronal Encoding",
author = "Huang, Chao and Resnik, Andrey and Celikel, Tansu and Englitz, Bernhard",
journal = "PLoS Comput. Biol.",
volume =  12,
number =  6,
pages = "e1004984",
month =  jun,
year =  2016,
language = "en",
issn = "1553-734X, 1553-7358",
pmid = "27304526",
doi = "https://doi.org/10.1371/journal.pcbi.1004984",
pmc = "PMC4909286"
}

@ARTICLE{Azouz2000-vh,
title = "Dynamic spike threshold reveals a mechanism for synaptic coincidence detection in cortical neurons \textit{in vivo}",
author = "Azouz, R and Gray, C M",
journal = "Proc. Natl. Acad. Sci. U. S. A.",
volume =  97,
number =  14,
pages = "8110--8115",
month =  jul,
year =  2000,
language = "en",
issn = "0027-8424",
pmid = "10859358",
doi = "https://doi.org/10.1073/pnas.130200797",
pmc = "PMC16678"
}

@ARTICLE{Sanchez-Vives2000-rv,
title = "Cellular mechanisms of long-lasting adaptation in visual cortical neurons in vitro",
author = "Sanchez-Vives, M V and Nowak, L G and McCormick, D A",
journal = "J. Neurosci.",
volume =  20,
number =  11,
pages = "4286--4299",
month =  jun,
year =  2000,
language = "en",
issn = "0270-6474, 1529-2401",
pmid = "10818164",
doi = "https://doi.org/10.1523/JNEUROSCI.20-11-04286.2000",
pmc = "PMC6772630"
}

@ARTICLE{Grimm2016-fr,
title = "Early indices of deviance detection in humans and animal models",
author = "Grimm, Sabine and Escera, Carles and Nelken, Israel",
journal = "Biol. Psychol.",
volume =  116,
pages = "23--27",
month =  apr,
year =  2016,
language = "en",
issn = "0301-0511, 1873-6246",
pmid = "26656286",
doi = "https://doi.org/10.1016/j.biopsycho.2015.11.017"
}

@UNPUBLISHED{Auksztulewicz2022-gq,
title = "Omission responses in field potentials but not spikes in rat auditory cortex",
author = "Auksztulewicz, Ryszard and Rajendran, Vani Gurusamy and Peng, Fei and Schnupp, Jan Wilbert Hendrik and Harper, Nicol Spencer",
journal = "bioRxiv",
pages = "2022.02.11.479668",
month =  feb,
year =  2022,
language = "en",
doi = "https://doi.org/10.1101/2022.02.11.479668"
}

@ARTICLE{Demarchi2019-ch,
title = "Automatic and feature-specific prediction-related neural activity in the human auditory system",
author = "Demarchi, Gianpaolo and Sanchez, Ga{\"e}tan and Weisz, Nathan",
journal = "Nat. Commun.",
volume =  10,
number =  1,
pages = "3440",
month =  aug,
year =  2019,
language = "en",
issn = "2041-1723",
pmid = "31371713",
doi = "https://doi.org/10.1038/s41467-019-11440-1",
pmc = "PMC6672009"
}

@ARTICLE{Lehmann2016-ol,
title = "Tracing the neural basis of auditory entrainment",
author = "Lehmann, Alexandre and Arias, Diana Jimena and Sch{\"o}nwiesner, Marc",
journal = "Neuroscience",
volume =  337,
pages = "306--314",
month =  nov,
year =  2016,
language = "en",
issn = "0306-4522, 1873-7544",
pmid = "27667358",
doi = "https://doi.org/10.1016/j.neuroscience.2016.09.011"
}

@ARTICLE{Jiang2022-ak,
title = "Constructing the hierarchy of predictive auditory sequences in the marmoset brain",
author = "Jiang, Yuwei and Komatsu, Misako and Chen, Yuyan and Xie, Ruoying and Zhang, Kaiwei and Xia, Ying and Gui, Peng and Liang, Zhifeng and Wang, Liping",
journal = "Elife",
volume =  11,
month =  feb,
year =  2022,
language = "en",
issn = "2050-084X",
pmid = "35174784",
doi = "https://doi.org/10.7554/eLife.74653",
pmc = "PMC8893719"
}

@ARTICLE{Wacongne2016-ht,
title = "A predictive coding account of {MMN} reduction in schizophrenia",
author = "Wacongne, Catherine",
journal = "Biol. Psychol.",
publisher = "Elsevier",
volume =  116,
pages = "68--74",
month =  apr,
year =  2016,
language = "en",
issn = "0301-0511, 1873-6246",
pmid = "26582536",
doi = "https://doi.org/10.1016/j.biopsycho.2015.10.011"
}

@ARTICLE{Duque2012-vx,
title = "Topographic distribution, frequency, and intensity dependence of stimulus-specific adaptation in the inferior colliculus of the rat",
author = "Duque, Daniel and P{\'e}rez-Gonz{\'a}lez, David and Ayala, Yaneri A and Palmer, Alan R and Malmierca, Manuel S",
journal = "J. Neurosci.",
volume =  32,
number =  49,
pages = "17762--17774",
month =  dec,
year =  2012,
language = "en",
issn = "0270-6474, 1529-2401",
pmid = "23223296",
doi = "https://doi.org/10.1523/JNEUROSCI.3190-12.2012",
pmc = "PMC6621662"
}

@ARTICLE{Grimm2012-tb,
title = "Auditory deviance detection revisited: evidence for a hierarchical novelty system",
author = "Grimm, Sabine and Escera, Carles",
journal = "Int. J. Psychophysiol.",
volume =  85,
number =  1,
pages = "88--92",
month =  jul,
year =  2012,
language = "en",
issn = "0167-8760, 1872-7697",
pmid = "21669238",
doi = "https://doi.org/10.1016/j.ijpsycho.2011.05.012"
}

@ARTICLE{Abolafia2011-ig,
title = "Cortical auditory adaptation in the awake rat and the role of potassium currents",
author = "Abolafia, Juan M and Vergara, R and Arnold, M M and Reig, R and Sanchez-Vives, M V",
journal = "Cereb. Cortex",
volume =  21,
number =  5,
pages = "977--990",
month =  may,
year =  2011,
language = "en",
issn = "1047-3211, 1460-2199",
pmid = "20851851",
doi = "https://doi.org/10.1093/cercor/bhq163"
}

@ARTICLE{Klein2014-op,
title = "Stimulus-specific adaptation in field potentials and neuronal responses to frequency-modulated tones in the primary auditory cortex",
author = "Klein, Carsten and von der Behrens, Wolfger and Gaese, Bernhard H",
journal = "Brain Topogr.",
volume =  27,
number =  4,
pages = "599--610",
month =  jul,
year =  2014,
language = "en",
issn = "0896-0267, 1573-6792",
pmid = "24863565",
doi = "https://doi.org/10.1007/s10548-014-0376-4"
}

@ARTICLE{Duque2015-eu,
title = "Stimulus-specific adaptation in the inferior colliculus of the mouse: anesthesia and spontaneous activity effects",
author = "Duque, Daniel and Malmierca, Manuel S",
journal = "Brain Struct. Funct.",
volume =  220,
number =  6,
pages = "3385--3398",
month =  nov,
year =  2015,
language = "en",
issn = "1863-2653, 1863-2661",
pmid = "25115620",
doi = "https://doi.org/10.1007/s00429-014-0862-1"
}

@ARTICLE{Tsodyks1997-hr,
title = "Paradoxical effects of external modulation of inhibitory interneurons",
author = "Tsodyks, M V and Skaggs, W E and Sejnowski, T J and McNaughton, B L",
journal = "J. Neurosci.",
volume =  17,
number =  11,
pages = "4382--4388",
month =  jun,
year =  1997,
language = "en",
issn = "0270-6474",
pmid = "9151754",
doi = "https://doi.org/10.1523/JNEUROSCI.17-11-04382.1997",
pmc = "PMC6573545"
}

@UNPUBLISHED{Wu2022-qx,
title = "Inhibition stabilization and paradoxical effects in recurrent neural networks with short-term plasticity",
author = "Wu, Yue Kris and Gjorgjieva, Julijana",
journal = "bioRxiv",
pages = "2022.12.19.520986",
month =  dec,
year =  2022,
language = "en",
doi = "https://doi.org/10.1101/2022.12.19.520986"
}

@ARTICLE{Takaura2016-eh,
title = "Facilitative effect of repetitive presentation of one stimulus on cortical responses to other stimuli in macaque monkeys--a possible neural mechanism for mismatch negativity",
author = "Takaura, Kana and Fujii, Naotaka",
journal = "Eur. J. Neurosci.",
volume =  43,
number =  4,
pages = "516--528",
month =  feb,
year =  2016,
language = "en",
issn = "0953-816X, 1460-9568",
pmid = "26613160",
doi = "https://doi.org/10.1111/ejn.13136",
pmc = "PMC5064748"
}

@ARTICLE{Harms2018-bg,
title = "Late deviance detection in rats is reduced, while early deviance detection is augmented by the {NMDA} receptor antagonist {MK-801}",
author = "Harms, L and Fulham, W R and Todd, J and Meehan, C and Schall, U and Hodgson, D M and Michie, P T",
journal = "Schizophr. Res.",
publisher = "Elsevier",
volume =  191,
pages = "43--50",
month =  jan,
year =  2018,
language = "en",
issn = "0920-9964, 1573-2509",
pmid = "28385587",
doi = "https://doi.org/10.1016/j.schres.2017.03.042"
}

@ARTICLE{Shiramatsu2013-qz,
title = "Cortical mapping of mismatch negativity with deviance detection property in rat",
author = "Shiramatsu, Tomoyo Isoguchi and Kanzaki, Ryohei and Takahashi, Hirokazu",
journal = "PLoS One",
volume =  8,
number =  12,
pages = "e82663",
month =  dec,
year =  2013,
language = "en",
issn = "1932-6203",
pmid = "24349330",
doi = "https://doi.org/10.1371/journal.pone.0082663",
pmc = "PMC3861386"
}

@ARTICLE{Hershenhoren2014-bb,
title = "Intracellular correlates of stimulus-specific adaptation",
author = "Hershenhoren, Itai and Taaseh, Nevo and Antunes, Flora M and Nelken, Israel",
journal = "J. Neurosci.",
volume =  34,
number =  9,
pages = "3303--3319",
month =  feb,
year =  2014,
language = "en",
issn = "0270-6474, 1529-2401",
pmid = "24573289",
doi = "https://doi.org/10.1523/JNEUROSCI.2166-13.2014",
pmc = "PMC6795306"
}

@INPROCEEDINGS{Ileri2015-eu,
title = "The role of short-term synaptic depression and adaptive threshold on cortical irregular spike activity",
booktitle = "2015 23nd Signal Processing and Communications Applications Conference ({SIU})",
author = "Ileri, Ugur and Calim, Ali and Uzuntarla, Muhammet and Ozer, Mahmut",
publisher = "IEEE",
pages = "1333--1336",
month =  may,
year =  2015,
conference = "2015 23th Signal Processing and Communications Applications Conference (SIU)",
location = "Malatya, Turkey",
issn = "2165-0608",
isbn = "9781467373869",
doi = "https://doi.org/10.1109/siu.2015.7130086"
}

@ARTICLE{Kobayashi2009-av,
title = "Made-to-order spiking neuron model equipped with a multi-timescale adaptive threshold",
author = "Kobayashi, Ryota and Tsubo, Yasuhiro and Shinomoto, Shigeru",
journal = "Front. Comput. Neurosci.",
publisher = "Frontiers Media SA",
volume =  3,
pages = "9",
month =  jul,
year =  2009,
language = "en",
issn = "1662-5188",
pmid = "19668702",
doi = "https://doi.org/10.3389/neuro.10.009.2009",
pmc = "PMC2722979"
}

@ARTICLE{Liu2001-yw,
title = "Spike-frequency adaptation of a generalized leaky integrate-and-fire model neuron",
author = "Liu, Y H and Wang, X J",
journal = "J. Comput. Neurosci.",
volume =  10,
number =  1,
pages = "25--45",
year =  2001,
language = "en",
issn = "0929-5313",
pmid = "11316338",
doi = "https://doi.org/10.1023/a:1008916026143"
}

@ARTICLE{Segundo1968-eu,
title = "Input-output relations in computer-simulated nerve cells. Influence of the statistical properties, strength, number and inter-dependence of excitatory pre-synaptic terminals",
author = "Segundo, J P and Perkel, D H and Wyman, H and Hegstad, H and Moore, G P",
journal = "Kybernetik",
volume =  4,
number =  5,
pages = "157--171",
month =  may,
year =  1968,
language = "en",
issn = "0023-5946",
pmid = "5710430",
doi = "https://doi.org/10.1007/BF00289038"
}

@ARTICLE{Chacron2003-oz,
title = "Interspike interval correlations, memory, adaptation, and refractoriness in a leaky integrate-and-fire model with threshold fatigue",
author = "Chacron, Maurice J and Pakdaman, Khashayar and Longtin, Andr{\'e}",
journal = "Neural Comput.",
publisher = "direct.mit.edu",
volume =  15,
number =  2,
pages = "253--278",
month =  feb,
year =  2003,
language = "en",
issn = "0899-7667",
pmid = "12590807",
doi = "https://doi.org/10.1162/089976603762552915"
}

@ARTICLE{Kim2021-uj,
title = "Machine-learning-based diagnosis of drug-naive adult patients with attention-deficit hyperactivity disorder using mismatch negativity",
author = "Kim, Sungkean and Baek, Ji Hyun and Kwon, Young Joon and Lee, Hwa Young and Yoo, Jae Hyun and Shim, Se-Hoon and Kim, Ji Sun",
journal = "Transl. Psychiatry",
publisher = "nature.com",
volume =  11,
number =  1,
pages = "484",
month =  sep,
year =  2021,
language = "en",
issn = "2158-3188",
pmid = "34537812",
doi = "https://doi.org/10.1038/s41398-021-01604-3",
pmc = "PMC8449778"
}

@ARTICLE{Lee2020-np,
title = "Associations between the Mismatch-negativity Potential and Symptom Severity in Medication-na{\"\i}ve Children and Adolescents with Symptoms of Attention Deficit/hyperactivity Disorder",
author = "Lee, Yeon Jung and Jeong, Mi Young and Kim, Jung Ho and Kim, Ji-Sun",
journal = "Clin. Psychopharmacol. Neurosci.",
volume =  18,
number =  2,
pages = "249--260",
month =  may,
year =  2020,
language = "en",
issn = "1738-1088",
pmid = "32329306",
doi = "https://doi.org/10.9758/cpn.2020.18.2.249",
pmc = "PMC7242107"
}

@ARTICLE{Hsieh2021-ti,
title = "Mismatch negativity and P3a in drug-naive adults with attention-deficit hyperactivity disorder",
author = "Hsieh, Ming H and Chien, Yi-Ling and Gau, Susan Shur-Fen",
journal = "Psychol. Med.",
publisher = "cambridge.org",
volume =  52,
number =  15,
pages = "1--11",
month =  mar,
year =  2021,
language = "en",
issn = "0033-2917, 1469-8978",
pmid = "33706818",
doi = "https://doi.org/10.1017/S0033291720005516",
pmc = "PMC9772912"
}

@ARTICLE{Kim2020-fb,
title = "Neurophysiological Biomarkers in {Schizophrenia---P50}, Mismatch Negativity, and {TMS-EMG} and {TMS-EEG}",
author = "Kim, Helena K and Blumberger, Daniel M and Daskalakis, Zafiris J",
journal = "Front. Psychiatry",
publisher = "frontiersin.org",
volume =  11,
year =  2020,
issn = "1664-0640",
doi = "https://doi.org/10.3389/fpsyt.2020.00795"
}

@ARTICLE{Salisbury2020-sd,
title = "Reductions in Complex Mismatch Negativity to Extra Tone Gestalt Pattern Deviance in {First-Episode} Schizophrenia",
author = "Salisbury, Dean F and Coffman, Brian A and Haigh, Sarah M",
journal = "Front. Psychiatry",
publisher = "frontiersin.org",
volume =  11,
pages = "505",
month =  jun,
year =  2020,
language = "en",
issn = "1664-0640",
pmid = "32581879",
doi = "https://doi.org/10.3389/fpsyt.2020.00505",
pmc = "PMC7294965"
}

@ARTICLE{Koshiyama2020-ca,
title = "Reduced Auditory Mismatch Negativity Reflects Impaired Deviance Detection in Schizophrenia",
author = "Koshiyama, Daisuke and Kirihara, Kenji and Tada, Mariko and Nagai, Tatsuya and Fujioka, Mao and Usui, Kaori and Araki, Tsuyoshi and Kasai, Kiyoto",
journal = "Schizophr. Bull.",
volume =  46,
number =  4,
pages = "937--946",
month =  jul,
year =  2020,
language = "en",
issn = "0586-7614, 1745-1701",
pmid = "32072183",
doi = "https://doi.org/10.1093/schbul/sbaa006",
pmc = "PMC7345817"
}

@ARTICLE{Chen2020-lu,
title = "Mismatch negativity to different deviant changes in autism spectrum disorders: A meta-analysis",
author = "Chen, Tzu-Ching and Hsieh, Ming H and Lin, Yi-Ting and Chan, Pei-Ying S and Cheng, Chia-Hsiung",
journal = "Clin. Neurophysiol.",
volume =  131,
number =  3,
pages = "766--777",
month =  mar,
year =  2020,
language = "en",
issn = "1388-2457, 1872-8952",
pmid = "31952914",
doi = "https://doi.org/10.1016/j.clinph.2019.10.031"
}

@ARTICLE{Goris2018-bv,
title = "Sensory Prediction Errors Are Less Modulated by Global Context in Autism Spectrum Disorder",
author = "Goris, Judith and Braem, Senne and Nijhof, Annabel D and Rigoni, Davide and Deschrijver, Eliane and Van de Cruys, Sander and Wiersema, Jan R and Brass, Marcel",
journal = "Biol Psychiatry Cogn Neurosci Neuroimaging",
volume =  3,
number =  8,
pages = "667--674",
month =  aug,
year =  2018,
language = "en",
issn = "2451-9030, 2451-9022",
pmid = "29628433",
doi = "https://doi.org/10.1016/j.bpsc.2018.02.003"
}

@ARTICLE{Hudac2018-jl,
title = "Early enhanced processing and delayed habituation to deviance sounds in autism spectrum disorder",
author = "Hudac, Caitlin M and DesChamps, Trent D and Arnett, Anne B and Cairney, Brianna E and Ma, Ruqian and Webb, Sara Jane and Bernier, Raphael A",
journal = "Brain Cogn.",
volume =  123,
pages = "110--119",
month =  jun,
year =  2018,
language = "en",
issn = "0278-2626, 1090-2147",
pmid = "29550506",
doi = "https://doi.org/10.1016/j.bandc.2018.03.004",
pmc = "PMC5893357"
}

@ARTICLE{Vlaskamp2017-vs,
title = "Auditory processing in autism spectrum disorder: Mismatch negativity deficits",
author = "Vlaskamp, Chantal and Oranje, Bob and Madsen, Gitte Falcher and M{\o}llegaard Jepsen, Jens Richardt and Durston, Sarah and Cantio, Cathriona and Glenth{\o}j, Birte and Bilenberg, Niels",
journal = "Autism Res.",
volume =  10,
number =  11,
pages = "1857--1865",
month =  nov,
year =  2017,
language = "en",
issn = "1939-3792, 1939-3806",
pmid = "28639417",
doi = "https://doi.org/10.1002/aur.1821"
}

@ARTICLE{Pazo-Alvarez2003-kv,
title = "{MMN} in the visual modality: a review",
author = "Pazo-Alvarez, P and Cadaveira, F and Amenedo, E",
journal = "Biol. Psychol.",
publisher = "Elsevier",
volume =  63,
number =  3,
pages = "199--236",
month =  jul,
year =  2003,
issn = "0301-0511",
doi = "https://doi.org/10.1016/S0301-0511(03)00049-8"
}

@ARTICLE{Escera2014-tv,
title = "Deviance detection based on regularity encoding along the auditory hierarchy: electrophysiological evidence in humans",
author = "Escera, Carles and Leung, Sumie and Grimm, Sabine",
journal = "Brain Topogr.",
publisher = "Springer",
volume =  27,
number =  4,
pages = "527--538",
month =  jul,
year =  2014,
language = "en",
issn = "0896-0267, 1573-6792",
pmid = "24218032",
doi = "https://doi.org/10.1007/s10548-013-0328-4"
}

@ARTICLE{Carbajal2018-sd,
title = "The Neuronal Basis of Predictive Coding Along the Auditory Pathway: From the Subcortical Roots to Cortical Deviance Detection",
author = "Carbajal, Guillermo V and Malmierca, Manuel S",
journal = "Trends Hear",
publisher = "journals.sagepub.com",
volume =  22,
pages = "2331216518784822",
year =  2018,
language = "en",
issn = "2331-2165",
pmid = "30022729",
doi = "https://doi.org/10.1177/2331216518784822",
pmc = "PMC6053868"
}

@ARTICLE{Naatanen2009-jx,
title = "Somatosensory mismatch negativity: a new clinical tool for developmental neurological research?",
author = "N{\"a}{\"a}t{\"a}nen, Risto",
journal = "Dev. Med. Child Neurol.",
volume =  51,
number =  12,
pages = "930--931",
month =  dec,
year =  2009,
language = "en",
issn = "0012-1622, 1469-8749",
pmid = "19909306",
doi = "https://doi.org/10.1111/j.1469-8749.2009.03386.x"
}

@ARTICLE{Henze2001-xd,
title = "Action potential threshold of hippocampal pyramidal cells in vivo is increased by recent spiking activity",
author = "Henze, D A and Buzs{\'a}ki, G",
journal = "Neuroscience",
volume =  105,
number =  1,
pages = "121--130",
year =  2001,
language = "en",
issn = "0306-4522",
pmid = "11483306",
doi = "https://doi.org/10.1016/s0306-4522(01)00167-1"
}

@ARTICLE{Higgs2011-cy,
title = "Kv1 channels control spike threshold dynamics and spike timing in cortical pyramidal neurones",
author = "Higgs, Matthew H and Spain, William J",
journal = "J. Physiol.",
volume =  589,
number = "Pt 21",
pages = "5125--5142",
month =  nov,
year =  2011,
language = "en",
issn = "0022-3751, 1469-7793",
pmid = "21911608",
doi = "https://doi.org/10.1113/jphysiol.2011.216721",
pmc = "PMC3225669"
}

@ARTICLE{Tada2019-lj,
title = "Mismatch negativity ({MMN}) as a tool for translational investigations into early psychosis: A review",
author = "Tada, Mariko and Kirihara, Kenji and Mizutani, Shunsuke and Uka, Takanori and Kunii, Naoto and Koshiyama, Daisuke and Fujioka, Mao and Usui, Kaori and Nagai, Tatsuya and Araki, Tsuyoshi and Kasai, Kiyoto",
journal = "Int. J. Psychophysiol.",
volume =  145,
pages = "5--14",
month =  nov,
year =  2019,
language = "en",
issn = "0167-8760, 1872-7697",
pmid = "30831138",
doi = "https://doi.org/10.1016/j.ijpsycho.2019.02.009"
}

@ARTICLE{May2010-qn,
title = "Mismatch negativity ({MMN)}, the deviance-elicited auditory deflection, explained",
author = "May, Patrick J C and Tiitinen, Hannu",
journal = "Psychophysiology",
volume =  47,
number =  1,
pages = "66--122",
month =  jan,
year =  2010,
language = "en",
issn = "0048-5772, 1540-5958",
pmid = "19686538",
doi = "https://doi.org/10.1111/j.1469-8986.2009.00856.x"
}

@ARTICLE{Winkler2012-pr,
title = "Evidence from auditory and visual event-related potential ({ERP}) studies of deviance detection ({MMN} and {vMMN}) linking predictive coding theories and perceptual object representations",
author = "Winkler, Istv{\'a}n and Czigler, Istv{\'a}n",
journal = "Int. J. Psychophysiol.",
volume =  83,
number =  2,
pages = "132--143",
month =  feb,
year =  2012,
language = "en",
issn = "0167-8760, 1872-7697",
pmid = "22047947",
doi = "https://doi.org/10.1016/j.ijpsycho.2011.10.001"
}

@ARTICLE{Sanchez-Vives2000-df,
title = "Membrane mechanisms underlying contrast adaptation in cat area 17 in vivo",
author = "Sanchez-Vives, M V and Nowak, L G and McCormick, D A",
journal = "J. Neurosci.",
volume =  20,
number =  11,
pages = "4267--4285",
month =  jun,
year =  2000,
language = "en",
issn = "0270-6474, 1529-2401",
pmid = "10818163",
doi = "https://doi.org/10.1523/JNEUROSCI.20-11-04267.2000",
pmc = "PMC6772627"
}

@ARTICLE{Garagnani2011-eu,
title = "From sounds to words: a neurocomputational model of adaptation, inhibition and memory processes in auditory change detection",
author = "Garagnani, Max and Pulverm{\"u}ller, Friedemann",
journal = "Neuroimage",
volume =  54,
number =  1,
pages = "170--181",
month =  jan,
year =  2011,
language = "en",
issn = "1053-8119, 1095-9572",
pmid = "20728545",
doi = "https://doi.org/10.1016/j.neuroimage.2010.08.031"
}

@ARTICLE{OLeary2010-ar,
title = "Homeostasis of intrinsic excitability in hippocampal neurones: dynamics and mechanism of the response to chronic depolarization",
author = "O'Leary, Timothy and van Rossum, Mark C W and Wyllie, David J A",
journal = "J. Physiol.",
volume =  588,
number = "Pt 1",
pages = "157--170",
month =  jan,
year =  2010,
language = "en",
issn = "0022-3751, 1469-7793",
pmid = "19917565",
doi = "https://doi.org/10.1113/jphysiol.2009.181024",
pmc = "PMC2821556"
}

@ARTICLE{Sanchez-Aguilera2014-fd,
title = "A novel short-term plasticity of intrinsic excitability in the hippocampal {CA1} pyramidal cells",
author = "S{\'a}nchez-Aguilera, A and S{\'a}nchez-Alonso, J L and Vicente-Torres, M A and Colino, A",
journal = "J. Physiol.",
volume =  592,
number =  13,
pages = "2845--2864",
month =  jul,
year =  2014,
language = "en",
issn = "0022-3751, 1469-7793",
pmid = "24756640",
doi = "https://doi.org/10.1113/jphysiol.2014.273185",
pmc = "PMC4221824"
}

@ARTICLE{Anwar2017-qg,
title = "Functional roles of short-term synaptic plasticity with an emphasis on inhibition",
author = "Anwar, Haroon and Li, Xinping and Bucher, Dirk and Nadim, Farzan",
journal = "Curr. Opin. Neurobiol.",
volume =  43,
pages = "71--78",
month =  apr,
year =  2017,
language = "en",
issn = "0959-4388, 1873-6882",
pmid = "28122326",
doi = "https://doi.org/10.1016/j.conb.2017.01.002",
pmc = "PMC5447482"
}

@ARTICLE{Mejias2011-rv,
title = "Emergence of resonances in neural systems: the interplay between adaptive threshold and short-term synaptic plasticity",
author = "Mejias, Jorge F and Torres, Joaquin J",
journal = "PLoS One",
volume =  6,
number =  3,
pages = "e17255",
month =  mar,
year =  2011,
language = "en",
issn = "1932-6203",
pmid = "21408148",
doi = "https://doi.org/10.1371/journal.pone.0017255",
pmc = "PMC3050837"
}

@ARTICLE{Mondal2022-av,
title = "Temporal filters in response to presynaptic spike trains: interplay of cellular, synaptic and short-term plasticity time scales",
author = "Mondal, Yugarshi and Pena, Rodrigo F O and Rotstein, Horacio G",
journal = "J. Comput. Neurosci.",
volume =  50,
number =  4,
pages = "395--429",
month =  nov,
year =  2022,
language = "en",
issn = "0929-5313, 1573-6873",
pmid = "35869381",
doi = "https://doi.org/10.1007/s10827-022-00822-y",
pmc = "1350459"
}

@ARTICLE{Hennig2008-sc,
title = "Interactions between multiple sources of short-term plasticity during evoked and spontaneous activity at the rat calyx of Held",
author = "Hennig, Matthias H and Postlethwaite, Michael and Forsythe, Ian D and Graham, Bruce P",
journal = "J. Physiol.",
volume =  586,
number =  13,
pages = "3129--3146",
month =  jul,
year =  2008,
language = "en",
issn = "0022-3751, 1469-7793",
pmid = "18450780",
doi = "https://doi.org/10.1113/jphysiol.2008.152124",
pmc = "PMC2538789"
}

@ARTICLE{Buonomano1998-hf,
title = "Net interaction between different forms of short-term synaptic plasticity and {slow-IPSPs} in the hippocampus and auditory cortex",
author = "Buonomano, D V and Merzenich, M M",
journal = "J. Neurophysiol.",
volume =  80,
number =  4,
pages = "1765--1774",
month =  oct,
year =  1998,
language = "en",
issn = "0022-3077",
pmid = "9772237",
doi = "https://doi.org/10.1152/jn.1998.80.4.1765"
}

@ARTICLE{Taaseh2011-gg,
title = "Stimulus-specific adaptation and deviance detection in the rat auditory cortex",
author = "Taaseh, Nevo and Yaron, Amit and Nelken, Israel",
journal = "PLoS One",
volume =  6,
number =  8,
pages = "e23369",
month =  aug,
year =  2011,
language = "en",
issn = "1932-6203",
pmid = "21853120",
doi = "https://doi.org/10.1371/journal.pone.0023369",
pmc = "PMC3154435"
}

@ARTICLE{Jacobsen2001-sc,
title = "Is there pre-attentive memory-based comparison of pitch?",
author = "Jacobsen, T and Schr{\"o}ger, E",
journal = "Psychophysiology",
volume =  38,
number =  4,
pages = "723--727",
month =  jul,
year =  2001,
language = "en",
issn = "0048-5772",
pmid = "11446587",
doi = "https://doi.org/10.1017/S0048577201000993"
}

@ARTICLE{Mensi2012-au,
title = "Parameter extraction and classification of three cortical neuron types reveals two distinct adaptation mechanisms",
author = "Mensi, Skander and Naud, Richard and Pozzorini, Christian and Avermann, Michael and Petersen, Carl C H and Gerstner, Wulfram",
journal = "J. Neurophysiol.",
volume =  107,
number =  6,
pages = "1756--1775",
month =  mar,
year =  2012,
language = "en",
issn = "0022-3077, 1522-1598",
pmid = "22157113",
doi = "https://doi.org/10.1152/jn.00408.2011"
}

@ARTICLE{Destexhe1994-oc,
title = "An Efficient Method for Computing Synaptic Conductances Based on a Kinetic Model of Receptor Binding",
author = "Destexhe, A and Mainen, Z F and Sejnowski, T J",
journal = "Neural Comput.",
publisher = "ieeexplore.ieee.org",
volume =  6,
number =  1,
pages = "14--18",
month =  jan,
year =  1994,
issn = "0899-7667",
doi = "https://doi.org/10.1162/neco.1994.6.1.14"
}

@ARTICLE{Pozzorini2015-ei,
title = "Automated {High-Throughput} Characterization of Single Neurons by Means of Simplified Spiking Models",
author = "Pozzorini, Christian and Mensi, Skander and Hagens, Olivier and Naud, Richard and Koch, Christof and Gerstner, Wulfram",
journal = "PLoS Comput. Biol.",
volume =  11,
number =  6,
pages = "e1004275",
month =  jun,
year =  2015,
language = "en",
issn = "1553-734X, 1553-7358",
pmid = "26083597",
doi = "https://doi.org/10.1371/journal.pcbi.1004275",
pmc = "PMC4470831"
}

@ARTICLE{Izhikevich2003-ty,
title = "Simple model of spiking neurons",
author = "Izhikevich, E M",
journal = "IEEE Trans. Neural Netw.",
volume =  14,
number =  6,
pages = "1569--1572",
year =  2003,
language = "en",
issn = "1045-9227",
pmid = "18244602",
doi = "https://doi.org/10.1109/TNN.2003.820440"
}

@ARTICLE{Hausser1997-cn,
title = "Estimating the time course of the excitatory synaptic conductance in neocortical pyramidal cells using a novel voltage jump method",
author = "H{\"a}usser, M and Roth, A",
journal = "J. Neurosci.",
volume =  17,
number =  20,
pages = "7606--7625",
month =  oct,
year =  1997,
language = "en",
issn = "0270-6474",
pmid = "9315883",
doi = "https://doi.org/10.1523/JNEUROSCI.17-20-07606.1997",
pmc = "PMC6793890"
}

@ARTICLE{Stimberg2020-go,
title = "{Brian2GeNN}: accelerating spiking neural network simulations with graphics hardware",
author = "Stimberg, Marcel and Goodman, Dan F M and Nowotny, Thomas",
journal = "Sci. Rep.",
volume =  10,
number =  1,
pages = "410",
month =  jan,
year =  2020,
language = "en",
issn = "2045-2322",
pmid = "31941893",
doi = "https://doi.org/10.1038/s41598-019-54957-7",
pmc = "PMC6962409"
}

@ARTICLE{Stimberg2019-tc,
title = "Brian 2, an intuitive and efficient neural simulator",
author = "Stimberg, Marcel and Brette, Romain and Goodman, Dan F M",
journal = "Elife",
volume =  8,
month =  aug,
year =  2019,
language = "en",
issn = "2050-084X",
pmid = "31429824",
doi = "https://doi.org/10.7554/eLife.47314",
pmc = "PMC6786860"
}

@ARTICLE{Sanzeni2020-su,
title = "Inhibition stabilization is a widespread property of cortical networks",
author = "Sanzeni, Alessandro and Akitake, Bradley and Goldbach, Hannah C and Leedy, Caitlin E and Brunel, Nicolas and Histed, Mark H",
journal = "Elife",
volume =  9,
month =  jun,
year =  2020,
language = "en",
issn = "2050-084X",
pmid = "32598278",
doi = "https://doi.org/10.7554/eLife.54875",
pmc = "PMC7324160"
}

@ARTICLE{Kubota2021-dx,
title = "Deviance Detection Property in Dissociated Cultures of Neurons",
author = "Kubota, Tomoyuki and Sakurayama, Kazuhiro and Isoguchi Shiramatsu, Tomoyo and Takahashi, Hirokazu",
journal = "IEEJ Transactions on Electronics, Information and Systems",
volume =  141,
number =  5,
pages = "661--667",
year =  2021,
doi = "https://doi.org/10.1541/ieejeiss.141.661"
}

@ARTICLE{Hertag2020-kc,
title = "Learning prediction error neurons in a canonical interneuron circuit",
author = "Hert{\"a}g, Loreen and Sprekeler, Henning",
journal = "Elife",
volume =  9,
month =  aug,
year =  2020,
language = "en",
issn = "2050-084X",
pmid = "32820723",
doi = "https://doi.org/10.7554/eLife.57541",
pmc = "PMC7442488"
}

@ARTICLE{Badel2008-ld,
title = "Dynamic {I-V} curves are reliable predictors of naturalistic pyramidal-neuron voltage traces",
author = "Badel, Laurent and Lefort, Sandrine and Brette, Romain and Petersen, Carl C H and Gerstner, Wulfram and Richardson, Magnus J E",
journal = "J. Neurophysiol.",
volume =  99,
number =  2,
pages = "656--666",
month =  feb,
year =  2008,
language = "en",
issn = "0022-3077",
pmid = "18057107",
doi = "https://doi.org/10.1152/jn.01107.2007"
}

@ARTICLE{Font-Alaminos2020-fs,
title = "Emergence of prediction error along the human auditory hierarchy",
author = "Font-Alaminos, Marta and Ribas-Prats, Teresa and Gorina-Careta, Nat{\`a}lia and Escera, Carles",
journal = "Hear. Res.",
pages = "107954",
month =  mar,
year =  2020,
language = "en",
issn = "0378-5955, 1878-5891",
pmid = "32234254",
doi = "https://doi.org/10.1016/j.heares.2020.107954"
}

@ARTICLE{Friston2005-jz,
title = "A theory of cortical responses",
author = "Friston, Karl",
journal = "Philos. Trans. R. Soc. Lond. B Biol. Sci.",
volume =  360,
number =  1456,
pages = "815--836",
month =  apr,
year =  2005,
language = "en",
issn = "0962-8436",
pmid = "15937014",
doi = "https://doi.org/10.1098/rstb.2005.1622",
pmc = "PMC1569488"
}

@ARTICLE{Rao1999-xc,
title = "Predictive coding in the visual cortex: a functional interpretation of some extra-classical receptive-field effects",
author = "Rao, R P and Ballard, D H",
journal = "Nat. Neurosci.",
volume =  2,
number =  1,
pages = "79--87",
month =  jan,
year =  1999,
language = "en",
issn = "1097-6256",
pmid = "10195184",
doi = "https://doi.org/10.1038/4580"
}

@ARTICLE{Fong2020-em,
title = "Auditory Mismatch Negativity Under Predictive Coding Framework and Its Role in Psychotic Disorders",
author = "Fong, Chun Yuen and Law, Wai Him Crystal and Uka, Takanori and Koike, Shinsuke",
journal = "Front. Psychiatry",
month =  sep,
year =  2020
}

@ARTICLE{Hamm2016-lm,
title = "Somatostatin Interneurons Control a Key Component of Mismatch Negativity in Mouse Visual Cortex",
author = "Hamm, Jordan P and Yuste, Rafael",
journal = "Cell Rep.",
volume =  16,
number =  3,
pages = "597--604",
month =  jul,
year =  2016,
language = "en",
issn = "2211-1247",
pmid = "27396334",
doi = "https://doi.org/10.1016/j.celrep.2016.06.037",
pmc = "PMC4956574"
}

@ARTICLE{Ross2020-qf,
title = "Cortical Microcircuit Mechanisms of Mismatch Negativity and Its Underlying Subcomponents",
author = "Ross, Jordan M and Hamm, Jordan P",
journal = "Front. Neural Circuits",
volume =  14,
pages = "13",
month =  mar,
year =  2020,
language = "en",
issn = "1662-5110",
pmid = "32296311",
doi = "https://doi.org/10.3389/fncir.2020.00013",
pmc = "PMC7137737"
}

@ARTICLE{Parras2017-fp,
title = "Neurons along the auditory pathway exhibit a hierarchical organization of prediction error",
author = "Parras, Gloria G and Nieto-Diego, Javier and Carbajal, Guillermo V and Vald{\'e}s-Baizabal, Catalina and Escera, Carles and Malmierca, Manuel S",
journal = "Nat. Commun.",
volume =  8,
number =  1,
pages = "2148",
month =  dec,
year =  2017,
language = "en",
issn = "2041-1723",
pmid = "29247159",
doi = "https://doi.org/10.1038/s41467-017-02038-6",
pmc = "PMC5732270"
}

@ARTICLE{Schwartz2018-bc,
title = "Meta-analysis and systematic review of the literature characterizing auditory mismatch negativity in individuals with autism",
author = "Schwartz, Sophie and Shinn-Cunningham, Barbara and Tager-Flusberg, Helen",
journal = "Neurosci. Biobehav. Rev.",
volume =  87,
pages = "106--117",
month =  apr,
year =  2018,
language = "en",
issn = "0149-7634, 1873-7528",
pmid = "29408312",
doi = "https://doi.org/10.1016/j.neubiorev.2018.01.008",
pmc = "PMC5845770"
}

@ARTICLE{Harms2014-ah,
title = "Mismatch negativity ({MMN}) in freely-moving rats with several experimental controls",
author = "Harms, Lauren and Fulham, W Ross and Todd, Juanita and Budd, Timothy W and Hunter, Michael and Meehan, Crystal and Penttonen, Markku and Schall, Ulrich and Zavitsanou, Katerina and Hodgson, Deborah M and Michie, Patricia T",
journal = "PLoS One",
volume =  9,
number =  10,
pages = "e110892",
month =  oct,
year =  2014,
language = "en",
issn = "1932-6203",
pmid = "25333698",
doi = "https://doi.org/10.1371/journal.pone.0110892",
pmc = "PMC4205004"
}

@ARTICLE{Varela1997-nr,
title = "A {Quantitative} {Description} of {Short}-{Term} {Plasticity} at {Excitatory} {Synapses} in {Layer} 2/3 of {Rat} {Primary} {Visual} {Cortex}",
author = "Varela, Juan A and Sen, Kamal and Gibson, Jay and Fost, Joshua and Abbott, L F and Nelson, Sacha B",
journal = "Journal of Neuroscience",
volume =  17,
number =  20,
pages = "7926--7940",
month =  oct,
year =  1997,
copyright = "Copyright \copyright{} 1997 Society for Neuroscience",
language = "en",
issn = "0270-6474, 1529-2401",
pmid = "9315911",
doi = "https://doi.org/10.1523/JNEUROSCI.17-20-07926.1997"
}

@ARTICLE{Tsodyks1997-qt,
title = "The neural code between neocortical pyramidal neurons depends on neurotransmitter release probability",
author = "Tsodyks, M V and Markram, Henry",
journal = "Proceedings of the National Academy of Sciences",
volume =  94,
number =  2,
pages = "719--723",
month =  jan,
year =  1997,
copyright = "Copyright \copyright{} 1997, The National Academy of Sciences of the USA",
language = "en",
issn = "0027-8424, 1091-6490",
pmid = "9012851",
doi = "https://doi.org/10.1073/pnas.94.2.719"
}

@ARTICLE{Brette2005-ci,
title = "Adaptive {Exponential} {Integrate}-and-{Fire} {Model} as an {Effective} {Description} of {Neuronal} {Activity}",
author = "Brette, Romain and Gerstner, Wulfram",
journal = "J. Neurophysiol.",
volume =  94,
number =  5,
pages = "3637--3642",
month =  nov,
year =  2005,
issn = "0022-3077",
doi = "https://doi.org/10.1152/jn.00686.2005"
}

@ARTICLE{Teeter2018-iz,
title = "Generalized leaky integrate-and-fire models classify multiple neuron types",
author = "Teeter, Corinne and Iyer, Ramakrishnan and Menon, Vilas and Gouwens, Nathan and Feng, David and Berg, Jim and Szafer, Aaron and Cain, Nicholas and Zeng, Hongkui and Hawrylycz, Michael and Koch, Christof and Mihalas, Stefan",
journal = "Nat. Commun.",
volume =  9,
number =  1,
pages = "1--15",
month =  feb,
year =  2018,
copyright = "2018 The Author(s)",
language = "en",
issn = "2041-1723",
doi = "https://doi.org/10.1038/s41467-017-02717-4"
}

@ARTICLE{Attinger2017-dw,
title = "Visuomotor {Coupling} {Shapes} the {Functional} {Development} of {Mouse} {Visual} {Cortex}",
author = "Attinger, Alexander and Wang, Bo and Keller, Georg B",
journal = "Cell",
volume =  169,
number =  7,
pages = "1291--1302.e14",
month =  jun,
year =  2017,
language = "English",
issn = "0092-8674, 1097-4172",
pmid = "28602353",
doi = "https://doi.org/10.1016/j.cell.2017.05.023"
}

@ARTICLE{Bendixen2012-nx,
title = "Early electrophysiological indicators for predictive processing in audition: {A} review",
author = "Bendixen, Alexandra and SanMiguel, Iria and Schr{\"o}ger, Erich",
journal = "Int. J. Psychophysiol.",
volume =  83,
number =  2,
pages = "120--131",
series = "Predictive information processing in the brain: Principles, neural mechanisms and models",
month =  feb,
year =  2012,
language = "en",
issn = "0167-8760",
doi = "https://doi.org/10.1016/j.ijpsycho.2011.08.003"
}

@ARTICLE{Wacongne2012-ah,
title = "A {Neuronal} {Model} of {Predictive} {Coding} {Accounting} for the {Mismatch} {Negativity}",
author = "Wacongne, Catherine and Changeux, Jean-Pierre and Dehaene, Stanislas",
journal = "Journal of Neuroscience",
volume =  32,
number =  11,
pages = "3665--3678",
month =  mar,
year =  2012,
copyright = "Copyright \copyright{} 2012 the authors 0270-6474/12/323665-14\$15.00/0",
language = "en",
issn = "0270-6474, 1529-2401",
pmid = "22423089",
doi = "https://doi.org/10.1523/JNEUROSCI.5003-11.2012"
}

@ARTICLE{Park2020-oa,
title = "A circuit model of auditory cortex",
author = "Park, Youngmin and Geffen, Maria N",
journal = "PLoS Comput. Biol.",
volume =  16,
number =  7,
pages = "e1008016",
month =  jul,
year =  2020,
language = "en",
issn = "1553-734X, 1553-7358",
doi = "https://doi.org/10.1371/journal.pcbi.1008016"
}

@ARTICLE{Yarden2017-eh,
title = "Stimulus-specific adaptation in a recurrent network model of primary auditory cortex",
author = "Yarden, Tohar S and Nelken, Israel",
journal = "PLoS Comput. Biol.",
volume =  13,
number =  3,
pages = "e1005437",
month =  mar,
year =  2017,
language = "en",
issn = "1553-734X, 1553-7358",
doi = "https://doi.org/10.1371/journal.pcbi.1005437"
}

@ARTICLE{May2015-lt,
title = "Computational modelling suggests that temporal integration results from synaptic adaptation in auditory cortex",
author = "May, Patrick J C and West{\"o}, Johan and Tiitinen, Hannu",
journal = "Eur. J. Neurosci.",
volume =  41,
number =  5,
pages = "615--630",
year =  2015,
copyright = "\copyright{} 2015 Federation of European Neuroscience Societies and John Wiley \& Sons Ltd",
language = "en",
issn = "0953-816X, 1460-9568",
doi = "https://doi.org/10.1111/ejn.12820"
}

@ARTICLE{Mill2011-ah,
title = "A {Neurocomputational} {Model} of {Stimulus}-{Specific} {Adaptation} to {Oddball} and {Markov} {Sequences}",
author = "Mill, Robert and Coath, Martin and Wennekers, Thomas and Denham, Susan L",
journal = "PLoS Comput. Biol.",
volume =  7,
number =  8,
month =  aug,
year =  2011,
issn = "1553-734X",
pmid = "21876661",
doi = "https://doi.org/10.1371/journal.pcbi.1002117",
pmc = "PMC3158038"
}

@ARTICLE{Ulanovsky2004-nf,
title = "Multiple {Time} {Scales} of {Adaptation} in {Auditory} {Cortex} {Neurons}",
author = "Ulanovsky, Nachum and Las, Liora and Farkas, Dina and Nelken, Israel",
journal = "Journal of Neuroscience",
volume =  24,
number =  46,
pages = "10440--10453",
month =  nov,
year =  2004,
copyright = "Copyright \copyright{} 2004 Society for Neuroscience 0270-6474/04/2410440-14.00/0",
language = "en",
issn = "0270-6474, 1529-2401",
pmid = "15548659",
doi = "https://doi.org/10.1523/JNEUROSCI.1905-04.2004"
}

@ARTICLE{Khouri2015-gr,
title = "Detecting the unexpected",
author = "Khouri, Leila and Nelken, Israel",
journal = "Curr. Opin. Neurobiol.",
volume =  35,
pages = "142--147",
series = "Circuit plasticity and memory",
month =  dec,
year =  2015,
language = "en",
issn = "0959-4388",
doi = "https://doi.org/10.1016/j.conb.2015.08.003"
}

@ARTICLE{Nelken2014-wr,
title = "Stimulus-specific adaptation and deviance detection in the auditory system: experiments and models",
author = "Nelken, Israel",
journal = "Biol. Cybern.",
volume =  108,
number =  5,
pages = "655--663",
month =  oct,
year =  2014,
language = "en",
issn = "0340-1200, 1432-0770",
doi = "https://doi.org/10.1007/s00422-014-0585-7"
}

@ARTICLE{Tsodyks1998-bq,
title = "Neural {Networks} with {Dynamic} {Synapses}",
author = "Tsodyks, M V and Pawelzik, Klaus and Markram, Henry",
journal = "Neural Comput.",
volume =  10,
number =  4,
pages = "821--835",
month =  may,
year =  1998,
issn = "0899-7667",
doi = "https://doi.org/10.1162/089976698300017502"
}
